<?xml version="1.0" encoding="UTF-8"?><collection xmlns="http://www.loc.gov/MARC21/slim"><record><leader>00569nam--2200193-i-4500</leader><controlfield tag="001">000014822</controlfield><controlfield tag="002">20161230</controlfield><controlfield tag="005">20161230201031</controlfield><controlfield tag="008">060222s1000------------r-----000-0-rum-d</controlfield><datafield ind1=" " ind2=" " tag="040"><subfield code="a">IFIN-HH</subfield></datafield><datafield ind1=" " ind2=" " tag="041"><subfield code="a">rum</subfield></datafield><datafield ind1=" " ind2=" " tag="080"><subfield code="a">538.9.001</subfield></datafield><datafield ind1="1" ind2=" " tag="100"><subfield code="a">Davidov, A. S</subfield></datafield><datafield ind1="1" ind2="0" tag="245"><subfield code="a">Teoria corpului solid</subfield><subfield code="b">In romaneste de lect. univ.dr.i.munteanu</subfield><subfield code="c">A.s. davidov</subfield></datafield><datafield ind1=" " ind2=" " tag="260"><subfield code="a">Bucuresti</subfield><subfield code="b">Editura Stiintifica Si Enciclopedica</subfield><subfield code="c">1982</subfield></datafield><datafield ind1=" " ind2=" " tag="300"><subfield code="a">622P</subfield></datafield><datafield ind1=" " ind2=" " tag="500"><subfield code="a">Titlul Original In Limba Rusa: Teoria Tverdogo Tela</subfield></datafield><datafield ind1=" " ind2=" " tag="852"><subfield code="a">70493</subfield><subfield code="c">539.2</subfield></datafield><datafield ind1=" " ind2=" " tag="CAT"><subfield code="a">Sys</subfield><subfield code="c">20121106</subfield><subfield code="h">104534</subfield></datafield></record></collection>